@inproceedings{Beris:2019:TDT:3308560.3317077,
 author = {Beris, T. and Angelidis, I. and Chalkidis, I. and Nikolaou, C. and Papaloukas, C. and Soursos P. and Koubarakis, M.},
 title = {Towards a Decentralised, Trusted, Intelligent and Linked Public Sector. A Report from the Greek Trenches},
 booktitle = {Workshop on Linked Data on the Web co-located with 28th International World Wide Web Conference {(WWW} 2019)},
 series = {{CEUR} Workshop Proceedings},
 year = {2019},
 isbn = {978-1-4503-6675-5},
 location = {San Fransisco, CA, USA},
 url = {http://doi.acm.org/10.1145/3308560.3317077},
 doi = {10.1145/3308560.3317077},
 publisher = {CEUR-WS.org},
 address = {New York, NY, USA}
}
