@book{book,
author = {Rosa, Paolo and Terzi, Sergio},
year = {2021},
month = {01},
pages = {},
title = {New Business Models for the Reuse of Secondary Resources from WEEEs The FENIX Project: The FENIX Project},
isbn = {978-3-030-74885-2},
doi = {10.1007/978-3-030-74886-9}
}