@INPROCEEDINGS{9798936,
  author={Angelidis, Iosif and Politi, Elena and Vafeiadis, George and Vergeti, Danai and Ntalaperas, Dimitris and Papageorgopoulos, Nikos},
  booktitle={2021 International Conference on Computational Science and Computational Intelligence (CSCI)}, 
  title={A lightweight Ontology for real time semantic correlation of situation awareness data generated for first responders}, 
  year={2021},
  volume={},
  number={},
  pages={1830-1835},
  keywords={Location awareness;Scientific computing;Computational modeling;Instruments;Semantics;Ontologies;Real-time systems;real time emergency management;ontology;situation awareness model;EMS;first responders;semantics},
  doi={10.1109/CSCI54926.2021.00346}}
