@inproceedings{inproceedings,
author = {Punjani, Dharmen and Singh, Kuldeep and Both, Andreas and Koubarakis, Manolis and Angelidis, I and Bereta, Konstantina and Beris, Themis and Bilidas, Dimitris and Ioannidis, T and Karalis, N and Lange, Christoph and Pantazi, Despina-Athanasia and Papaloukas, Christos and Stamoulis, G},
year = {2018},
month = {11},
pages = {},
title = {Template-Based Question Answering over Linked Geospatial Data},
doi = {10.1145/3281354.3281362}
}